@Article{Bac98,
  Author         = {B{\"a}ckstr{\"o}m, C.},
  Title          = {Computationnal aspects of reordering plans},
  Journal        = {JAIR},
  Volume         = {9},
  Pages          = {99--137},
  year           = 1998
}

@InProceedings{BF95,
  Author         = {Blum, A. and Furst, M.},
  Title          = {Fast planning through planning-graphs analysis},
  BookTitle      = {Proc. {IJCAI}-95},
  Pages          = {1636--1642},
  year           = 1995
}

@Article{BF97,
  Author         = {Blum, A. and Furst, M.},
  Title          = {Fast planning through planning-graphs analysis},
  Journal        = {Artificial Intelligence},
  Volume         = {90},
  Number         = {1-2},
  Pages          = {281--300},
  year           = 1997
}

@InProceedings{BG99,
  Author         = {Bonet, B. and Geffner, H.},
  Title          = {Planning as heuristic search: {N}ew results},
  BookTitle      = {Proc. {ECP}-99},
  Pages          = {360--372},
  year           = 1999
}

@InProceedings{BMM98,
  Author         = {Baioletti, M. and Marcugini, S. and Milani, A.},
  Title          = {An extension of {SATPLAN} for planning with
                   constraints},
  BookTitle      = {Proc. {AIMSA}-98},
  year           = 1998
}

@InProceedings{BMM00,
  Author         = {Baioletti, M. and Marcugini, S. and Milani, A.},
  Title          = {D{PP}lan: {A}n algorithm for fast solutions extraction
                   from a planning graph},
  BookTitle      = {Proc. {AIPS}-2000},
  Pages          = {13--21},
  year           = 2000
}

@Article{Byl94,
  author = 	 {T. Bylander},
  title = 	 {The computational complexity of {S}{T}{R}{I}{P}{S} planning},
  journal = 	 {Artificial Intelligence},
  year = 	 {1994},
  volume = 	 {69},
  pages = 	 {165--204}
}


@InProceedings{CRV00,
  Author         = {Cayrol, M. and R{\'e}gnier, P. and Vidal, V.},
  Title          = {New results about {LCGP}, a least committed
                   {G}raphplan},
  BookTitle      = {Proc. {AIPS}-2000},
  Pages          = {273--282},
  year           = 2000
}

@Article{CRV01,
  Author         = {Cayrol, M. and R{\'e}gnier, P. and Vidal, V.},
  Title          = {Least commitment in {G}raphplan},
  Journal        = {Artificial Intelligence},
  Volume         = {130},
  Number         = {1},
  Pages          = {85--118},
  year           = 2001
}

@Article{Cha87,
  Author         = {Chapman, D.},
  Title          = {Planning for conjunctive goals},
  Journal        = {Artificial Intelligence},
  Volume         = {32},
  Number         = {3},
  Pages          = {333--377},
  year           = 1987
}

@Article{DLL62,
  Author         = {Davis, M. and Logemann, G. and Loveland, D.},
  Title          = {A computing procedure for quantification theory},
  Journal        = {Communications of the ACM},
  Volume         = {5},
  Pages          = {394--397},
  year           = 1962
}

@Article{DP60,
  Author         = {Davis, M. and Putnam, H.},
  Title          = {A computing procedure for quantification theory},
  Journal        = {Journal of the ACM},
  Volume         = {7},
  Pages          = {201--215},
  year           = 1960
}

@InProceedings{EMW97,
  Author         = {Ernst, M. and Millstein, T. and Weld, D.S.},
  Title          = {Automatic {SAT}-compilation of planning problems},
  BookTitle      = {{IJCAI} 97},
  year           = 1997
}

@Article{FN71,
  Author         = {Fikes, R.E. and Nilsson, N.J.},
  Title          = {S{TRIPS}: a new approach to the application of theorem
                   proving to problem solving},
  Journal        = {Artificial Intelligence},
  Volume         = {2},
  Number         = {3-4},
  Pages          = {189--208},
  year           = 1971
}

@Article{FL98,
  Author         = {Fox, M. and Long, D.},
  Title          = {The automatic inference of state invariants in {TIM}},
  Journal        = {JAIR},
  Volume         = {9},
  Pages          = {367--421},
  year           = 1998
}

@Article{HN01,
  Author         = {Hoffmann, J. and Nebel, B.},
  Title          = {The {FF} planning system: {F}ast plan generation
                   through heuristic search},
  Journal        = {JAIR},
  Volume         = 14,
  Pages          = {253--302},
  year           = 2001
}

@Article{Kam00,
  Author         = {Kambhampati, S.},
  Title          = {Planning graph as a (dynamic) {CSP}: {E}xploiting
                   {EBL}, {DDB} and other {CSP} techniques in {G}raphplan},
  Journal        = {JAIR},
  Volume         = 12,
  Pages          = {1--34},
  year           = 2000
}

@InProceedings{KS95,
  Author         = {Kambhampati, S. and Srivastava, B.},
  Title          = {Universal {C}lassical {P}lanner: {A}n {A}lgorithm for
                   {U}nifying {S}tate-space and {P}lan-space {P}lanning},
  BookTitle      = {Proc. {EWSP}-95},
  Pages          = {93--94},
  year           = 1995
}

@InProceedings{KMS96,
  Author         = {Kautz, H. and McAllester, D. and Selman, B.},
  Title          = {Encoding plans in propositional logic},
  BookTitle      = {Proc. {KR}-96},
  Pages          = {374--384},
  year           = 1996
}

@InProceedings{KS98a,
  Author         = {Kautz, H. and Selman, B.},
  Title          = {{BLACKBOX}: A New Approach to the Application of Theorem Proving to Problem Solving},
  BookTitle      = {AIPS-98 Workshop on Planning as Combinatorial Search},
  year           = 1998
}

@InProceedings{KS98b,
  Author         = {Kautz, H. and Selman, B.},
  Title          = {The Role of Domain-Specific Knowledge in the Planning as Satisfiability Framework},
  BookTitle      = {Proceedings of AIPS-98},
  year           = 1998
}


@InProceedings{KS99,
  Author         = {Kautz, H. and Selman, B.},
  Title          = {Unifying {SAT}-based and {G}raph-based planning},
  BookTitle      = {{IJCAI} 1999},
  Pages          = {318--325},
  year           = 1999
}

@InProceedings{KS92,
  Author         = {Kautz, H. and Selman, B.},
  Title          = {Planning as satisfiability},
  BookTitle      = {E{CAI} 1992},
  Pages          = {359--363},
  year           = 1992
}

@InProceedings{KS96,
  Author         = {Kautz, H. and Selman, B.},
  Title          = {Pushing the envelope: {P}lanning, propositional logic
                   and stochastic search},
  BookTitle      = {{AAAI} 1996},
  Pages          = {1194--1201},
  year           = 1996
}

@InProceedings{KNH+97,
  Author         = {Koehler, J. and Nebel, B. and Hoffmann, J. and
                   Dimopoulos, Y.},
  Title          = {Extending planning-graphs to an {ADL} subset},
  BookTitle      = {Proc. {ECP}-97},
  Pages          = {273--285},
  year           = 1997
}

@Article{MH69,
  Author         = {McCarthy, J. and Hayes, P.J.},
  Title          = {Some philosophical problems from the standpoint of
                   {AI}},
  Journal        = {Machine Intelligence},
  Volume         = {4},
  Pages          = {463--502},
  year           = 1969
}


@InProceedings{MK98a,
  Author         = {Mali, A. and Kambhampati, S.},
  Title          = {Refinement-based planning as satisfiability},
  BookTitle      = {{AIPS}-98 {W}orkshop on Planning as Combinatorial Search},
  year           = 1998
}

@InProceedings{MK98b,
  Author         = {Mali, A. and Kambhampati, S.},
  Title          = {Frugal propositional encodings for planning},
  BookTitle      = {Proc. {W}orkshop planning as combinatorial search,
                   {AIPS}-98},
  year           = 1998
}

@InProceedings{MK99,
  Author         = {Mali, A. and Kambhampati, S.},
  Title          = {On the utility of plan-space (causal) encodings},
  BookTitle      = {{AAAI} 1999},
  Pages          = {557--563},
  year           = 1999
}

@InProceedings{MRV04,
  author =	 {Maris, F. and R{\'e}gnier, P. and Vidal, V.},
  title =	 {Planification SAT : Am{\'e}lioration des codages et traduction automatique},
  booktitle =	 {Actes du Douzi{\`e}me Congr{\`e}s de Reconnaissance des Formes et Intelligence Artificielle (RFIA-2004)},
  pages =	 {1019--1028},
  year =	 {2004},
  address =	 {Toulouse, France},
}

@InProceedings{NK01,
  Author         = {Nguyen, X.L. and Kambhampati, S.},
  Title          = {Reviving partial order planning},
  BookTitle      = {Proc. {IJCAI}-2001},
  Pages          = {459--466},
  year           = 2001
}

@Article{NKN02,
  Author         = {Nguyen, X.L. and Kambhampati, S. and Nigenda, R.S.},
  Title          = {Planning graph as the basis for deriving heuristics
                   for plan synthesis by state space and {CSP} search},
  Journal        = {Artificial Intelligence},
  Volume         = {135},
  Number         = {1-2},
  Pages          = {73--123},
  year           = 2002
}

@InProceedings{PW92,
  author = 	"J. S. Penberthy and D. Weld",
  title = 	"UCPOP: A sound, complete, partiall order planner for ADL",
  booktitle = 	"Proceedings of KR-1992",
  year = 	"1992",
}
		  

@InProceedings{RF91,
  Author         = {R{\'e}gnier, P. and Fade, B.},
  Title          = {Complete determination of parallel actions and
                   temporal optimization in linear plans of actions},
  BookTitle      = {Proc. {EWSP}-91},
  Pages          = {100--111},
  year           = 1991
}

@InProceedings{Rin98,
  Author         = {Rintanen, J.},
  Title          = {A planning algorithm not based on directionnal search},
  BookTitle      = {Proc. {KR}-98},
  Pages          = {617--624},
  year           = 1998
}

@InProceedings{SKC94,
  Author         = {Selman, B. and Kautz, H. and Cohen, B.},
  Title          = {Noise strategies for improving local search},
  BookTitle      = {Proc. {AAAI}-94},
  Pages          = {337--343},
  year           = 1994
}

@InProceedings{VG04,
  author =	 {V. Vidal and Geffner, H},
  title =	 {Branching and Pruning: An Optimal Temporal {POCL} Planner based on Constraint Programming},
  booktitle =	 {Proceedings of the Nineteenth National Conference on Artificial Intelligence (AAAI-2004)},
  pages =	 {570--577},
  year =	 {2004},
  month =	 {},
  address =	 {San Jos{\'e}, CA, USA},
}

@Article{VG06, 
  author = {V. Vidal and H. Geffner}, 
  title =	 {Branching and Pruning: An Optimal Temporal {POCL} Planner based on Constraint Programming},
  journal = {Artificial Intelligence}, 
  year = 2006,
  volume = 170,
  number = 3,
  pages =	 {298--335}
}

@InProceedings{VR99,
Author = "V. Vidal and P. R{\'e}gnier", 
Title = "Total order planning is better than we thought",
BookTitle = {Proc. AAAI-99},
Pages = "591--596",
year = 1999
}

@PhdThesis{Vid01,
  Author         = {Vidal, V.},
  Title          = {Recherche dans les graphes de planification,
                   satisfiabilit\'e et strat\'egies de moindre engagement.
                   {L}es syst\`emes {LCGP} et {LCDPP}},
  School         = {IRIT, Universit\'e Paul Sabatier},
  month          = {10 } # jul,
  year           = 2001
}

@InProceedings{Vid02,
  Author         = {Vidal, V.},
  Title          = {Le moindre engagement dans une approche de la
                   planification bas\'ee sur la proc\'edure de {D}avis et
                   {P}utnam},
  BookTitle      = {Proc. {JNPC}-02},
  Pages          = {239--253},
  year           = 2002
}

@InProceedings{Vid04,
  Author         = {Vidal, V.},
  Title          = {A {L}ookahead {S}trategy for {H}euristic {S}earch
                   {P}lanning},
  BookTitle      = {Proc. {ICAPS}-2004},
  year           = 2004
}

@Article{Wel94,
  Author         = {Weld, D.},
  Title          = {An introduction to least commitment planning},
  Journal        = {AI Magazine},
  Volume         = {15},
  Number         = {4},
  Pages          = {27--61},
  year           = 1994
}

@article{YS03, 
    author = "H. L. S. Younes and R. G. Simmons", 
    title = "{VHPOP}: Versatile heuristic partial order planner",
    journal = "Journal of Artificial Intelligence Research",
    volume = "20",
    pages = "405--430",
    year = "2003"
}



@Article{REG04,
  Author         = {R{\'e}gnier, P. and Vidal, V.},
  Title          = {Algorithmique de la planification en IA},
  Journal        = {CEPADUES},
  Year           = 2004
}

@InProceedings{MK98c,
  Author         = {Mali, A. and Kambhampati, S.},
  Title          = {Encoding {HTN} planning in propositional logic},
  BookTitle      = {Proc. {AIPS}-98},
  Year           = 1998
}

@InProceedings{MAL99,
  Author         = {Mali, A.},
  Title          = {Hierarchical Task Network Planning as Satisfiability},
  BookTitle      = {Proc. {ECP}-99},
  Pages          = {122--134},
  Year           = 1999
}

@InProceedings{MAL00a,
  Author         = {Mali, A.},
  Title          = {Enhancing HTN Planning As Satisfiability},
  BookTitle      = {Proc. of the of the International Conference on Artificial Intelligence and Soft Computing {ASC}-00},
  Pages          = {325--333},
  Year           = 2000
}

@InProceedings{BK95,
  Author         = {Bacchus, F. and Kabanza, F.},
  Title          = {Planning for Temporally Extended Goals},
  BookTitle      = {Proc. {AAAI}-95},
  Year           = 1995
}

@Article{BK00,
  Author         = {Bacchus, F. and Kabanza, F.},
  Title          = {Using temporal logics to express search control knowledge for planning},
  Journal        = {Artificial Intelligence},
  Volume         = {116},
  Number         = {1-2},
  Pages          = {123--191},
  Year           = 2000
}

@InProceedings{HSK99,
  Author         = {Huang, Y.C. and Selman, B. and Kautz, H.},
  Title          = {Control Knowledge in Planning : Benefits and Tradeoffs},
  BookTitle      = {Proc. {AAAI/IAAI}-99},
  Year           = 1999
}

@Article{VGO99,
  Author         = {van Gelder, A. and Okushi, F.},
  Title          = {A propositional theorem prover to solve planning and other problems},
  Journal        = {Annals of Mathematics and Artificial Intelligence},
  Volume         = {26},
  Number         = {1-4},
  Pages          = {87--112},
  Year           = 1999
}

@InProceedings{ZHA97,
  Author         = {Zhang, H.},
  Title          = {{SATO}: an Efficient Propositional Prover},
  BookTitle      = {Proc. {CADE}-97},
  Year           = 1997
}

@InProceedings{DSK00,
  Author         = {Do, M. B. and Srivastava, B. and Kambhampati, S.},
  Title          = {Investigating the effect of relevance and reachability constraints in SAT Encoding of Planning},
  BookTitle      = {Proc. {AIPS}-00},
  Year           = 2000
}

@InProceedings{RIN03,
  Author         = {Rintanen, J.},
  Title          = {Symmetry reduction for SAT representations of transition systems},
  BookTitle      = {{ICAPS} 2003},
  Year           = 2003
}


@InProceedings{RIN04,
  Author         = {Rintanen, J.},
  Title          = {Evaluation strategies for planning as satisfiability},
  BookTitle      = {Proc. {ECAI}-04},
  Pages          = {682--687},
  Year           = 2004
}

@Article{RHN06,
  Author         = {Rintanen, J. and Heljanko, K. and Niemel\"a},
  Title          = {Planning as satisfiability: parallel plans and algorithms for plan search},
  Journal        = {Artificial Intelligence},
  Volume         = {170},
  Number         = {1213},
  Pages          = {1031--1080},
  Year           = 2006
}

@proceedings{DBLP:conf/aips/2008,
  editor    = {Rintanen, J. and
               Nebel, B. and
               Beck, J. C. and
               Hansen, E. A.},
  title     = {Proceedings of the Eighteenth International Conference on Automated
               Planning and Scheduling, {ICAPS} 2008, Sydney, Australia, September
               14-18, 2008},
  publisher = {{AAAI}},
  year      = {2008},
  isbn      = {978-1-57735-386-7},
  timestamp = {Fri, 21 Nov 2008 12:33:51 +0100},
  biburl    = {http://dblp.org/rec/bib/conf/aips/2008},
  bibsource = {dblp computer science bibliography, http://dblp.org}
}

@InProceedings{MRV04,
  Author         = {Maris, F. and R{\'e}gnier, P. and Vidal, V.},
  Title          = {Planification SAT : Am{\'e}lioration des codages et traduction automatique},
  BookTitle      = {Proc. Reconnaissance des Formes et Intelligence Artificielle, {RFIA}-04},
  Pages          = {1019--1028},
  Year           = 2004
}

@InProceedings{RHN04,
  Author         = {Rintanen, J. and Heljanko, K. and Niemel\"a},
  Title          = {Parallel encodings of classical planning as satisfiability},
  BookTitle      = {{JELIA} 2004},
  Year           = 2004
}

@InProceedings{KAU04,
  Author         = {Kautz, H.},
  Title          = {SATPLAN04: Planning as Satisfiability},
  BookTitle      = {International Planning Competition, {IPC}-04},
  Year           = 2004
}

@InProceedings{KAU06,
  Author         = {Kautz, H.},
  Title          = {Deconstructing Planning as Satisfiability},
  BookTitle      = {Proc. {AAAI}-06},
  Year           = 2006
}

@InProceedings{CZZ07,
  Author         = {Chen, Y. and Zhao, X. and Zhang, W.},
  Title          = {Long Distance Mutual Exclusion for Propositional Planning},
  BookTitle      = {Proc. {IJCAI}-07},
  Year           = 2007
}

@InProceedings{XCZ06,
  Author         = {Xing, Z. and Chen, Y. and Zhang, W.},
  Title          = {MaxPlan: Optimal Planning by Decomposed Satisfiability and Backward Reduction},
  BookTitle      = {Proc. {ICAPS}-06},
  Pages          = {53--56},
  Year           = 2006
}

@InProceedings{ZCZ06,
  Author         = {Zhao, X. and Chen, Y. and Zhang, W.},
  Title          = {Optimal Planning by Maximum Satisfiability and Accumulative Learning},
  BookTitle      = {Proc. {ICAPS}-06},
  Pages          = {442--447},
  Year           = 2006
}

@InProceedings{KSH06,
  Author         = {Kautz, H. and Selman, B. and Hoffmann, J.},
  Title          = {SATPLAN06: Planning as Satisfiability},
  BookTitle      = {International Planning Competition, {IPC}-06},
  Year           = 2006
}

@InProceedings{WW99,
  Author         = {Wolfman, S. and Weld, D.},
  Title          = {The {LPSAT} Engine and its Application to Resource Planning},
  BookTitle      = {Proc. {IJCAI}-99},
  Year           = 1999
}

@Article{WW00,
  Author         = {Wolfman, S. and Weld, D.},
  Title          = {Combining Linear Programming and Satisfiability Solving for Resource Planning},
  Journal        = {Knowledge Engineering Review},
  Volume         = {15:1},
  Year           = 2000
}

@InProceedings{HKGS07,
  Author         = {Hoffmann, J. and Kautz, H. and Gomes, C. and Selman, B.},
  Title          = {{SAT} Encodings of State-Space Reachability Problems in Numeric Domains},
  BookTitle      = {Proc. {IJCAI}-07},
  Year           = 2007
}

@InProceedings{CGT01,
  Author         = {Castellini, C. and Giunchiglia, E. and Tacchella, A.},
  Title          = {Improvements to {SAT}-based conformant planning},
  BookTitle      = {Proc. {ECP}-01},
  Pages          = {241--252},
  Year           = 2001
}

@Article{CGT03,
  Author         = {Castellini, C. and Giunchiglia, E. and Tacchella, A.},
  Title          = {{SAT}-based planning in complex domains: Concurrency, constraints and nondeterminism},
  Journal        = {Artificial Intelligence},
  Volume         = {147},
  Pages          = {85--118},
  Year           = 2003
}

@InProceedings{FG00,
  Author         = {Ferraris, P. and Giunchiglia, E.},
  Title          = {Planning as satisfiability in non deterministic domains},
  BookTitle      = {Proc. {AAAI}-00},
  Year           = 2000
}

@InProceedings{RIN07,
  Author         = {Rintanen, J.},
  Title          = {Asymptotically optimal encodings of conformant planning in {QBF}},
  BookTitle      = {Proc. {AAAI}-07},
  Year           = 2007
}

@Article{CHW06,
  Author         = {Chen, Y. and Hsu, C., and Wah, B.},
  Title          = {Partitioning and Resolution in {SGP}lan},
  Journal        = {JAIR},
  Volume         = {26},
  Pages          = {323--369},
  Year           = 2006
}

@article{DBLP:journals/ai/DoK01,
  author    = {Do, M. B. and
               Kambhampati, S.},
  title     = {Planning as constraint satisfaction: Solving the planning graph by
               compiling it into {CSP}},
  journal   = {Artificial Intelligence},
  volume    = {132},
  number    = {2},
  pages     = {151--182},
  year      = {2001},
  url       = {http://dx.doi.org/10.1016/S0004-3702(01)00128-X},
  doi       = {10.1016/S0004-3702(01)00128-X},
  timestamp = {Wed, 19 Nov 2003 16:01:09 +0100},
  biburl    = {http://dblp.uni-trier.de/rec/bib/journals/ai/DoK01},
  bibsource = {dblp computer science bibliography, http://dblp.org}
}

@InProceedings{DBLP:conf/ijcai/WolfmanW99,
  author    = {Wolfman, S. A. and
               Weld, D. S.},
  title     = {The {LPSAT} Engine {\&} Its Application to Resource Planning},
  booktitle = {{IJCAI} 1999},
  pages     = {310--317},
  year      = {1999},
  url       = {http://ijcai.org/Proceedings/99-1/Papers/046.pdf},
  timestamp = {Tue, 19 Jul 2016 16:00:04 +0200},
  biburl    = {http://dblp.uni-trier.de/rec/bib/conf/ijcai/WolfmanW99},
  bibsource = {dblp computer science bibliography, http://dblp.org}
}

@article{DBLP:journals/ai/ShinD05,
  author    = {Shin, J. and
               Davis, E.},
  title     = {Processes and continuous change in a SAT-based planner},
  journal   = {Artificial Intelligence},
  volume    = {166},
  number    = {1-2},
  pages     = {194--253},
  year      = {2005},
  url       = {http://dx.doi.org/10.1016/j.artint.2005.04.001},
  doi       = {10.1016/j.artint.2005.04.001},
  timestamp = {Fri, 04 Nov 2005 15:48:11 +0100},
  biburl    = {http://dblp.uni-trier.de/rec/bib/journals/ai/ShinD05},
  bibsource = {dblp computer science bibliography, http://dblp.org}
}

@InProceedings{DBLP:conf/aaai/Rintanen07,
  author    = {Rintanen, J.},
  title     = {Asymptotically Optimal Encodings of Conformant Planning in {QBF}},
  booktitle = {{AAAI} 2007},
  pages     = {1045--1050},
  year      = {2007},
 % url       = {http://www.aaai.org/Library/AAAI/2007/aaai07-166.php},
  timestamp = {Mon, 10 Dec 2012 15:34:42 +0100},
  biburl    = {http://dblp.uni-trier.de/rec/bib/conf/aaai/Rintanen07},
  bibsource = {dblp computer science bibliography, http://dblp.org}
}

@InProceedings{DBLP:conf/ecai/CashmoreFG12,
  author    = {Cashmore, M. and
               Fox, M. and
               Giunchiglia, E.},
  title     = {Planning as Quantified Boolean Formula},
  booktitle = {{ECAI} 2012}, %- 20th European Conference on Artificial Intelligence.
%               Including Prestigious Applications of Artificial Intelligence {(PAIS-2012)}
 %              System Demonstrations Track, Montpellier, France, August 27-31 , 2012},
  pages     = {217--222},
  year      = {2012},
  %crossref  = {DBLP:conf/ecai/2012},
  %url       = {https://doi.org/10.3233/978-1-61499-098-7-217},
  doi       = {10.3233/978-1-61499-098-7-217},
  timestamp = {Wed, 24 May 2017 08:27:21 +0200},
  biburl    = {http://dblp.uni-trier.de/rec/bib/conf/ecai/CashmoreFG12},
  bibsource = {dblp computer science bibliography, http://dblp.org}
}

@proceedings{DBLP:conf/ecai/2012,
  editor    = {Luc De Raedt and
               Christian Bessi{\`{e}}re and
               Didier Dubois and
               Patrick Doherty and
               Paolo Frasconi and
               Fredrik Heintz and
               Peter J. F. Lucas},
  title     = {{ECAI} 2012 - 20th European Conference on Artificial Intelligence.
               Including Prestigious Applications of Artificial Intelligence {(PAIS-2012)}
               System Demonstrations Track, Montpellier, France, August 27-31 , 2012},
  series    = {Frontiers in Artificial Intelligence and Applications},
  volume    = {242},
  publisher = {{IOS} Press},
  year      = {2012},
  url       = {http://www.booksonline.iospress.nl/Content/View.aspx?piid=31572},
  isbn      = {978-1-61499-097-0},
  timestamp = {Thu, 06 Sep 2012 14:44:37 +0200},
  biburl    = {http://dblp.uni-trier.de/rec/bib/conf/ecai/2012},
  bibsource = {dblp computer science bibliography, http://dblp.org}
}

@proceedings{DBLP:conf/ictai/2008-1,
  title     = {({ICTAI} 2008), Volume 1},
  publisher = {{IEEE} Computer Society},
  year      = {2008},
  url       = {http://ieeexplore.ieee.org/xpl/tocresult.jsp?isnumber=4669656},
  isbn      = {978-0-7695-3440-4},
  timestamp = {Thu, 18 Dec 2014 16:57:42 +0100},
  biburl    = {http://dblp.uni-trier.de/rec/bib/conf/ictai/2008-1},
  bibsource = {dblp computer science bibliography, http://dblp.org}
}

@InProceedings{DBLP:conf/ictai/MarisR08,
  author    = {Maris, F. and
               R{\'{e}}gnier, P.},
  title     = {{TLP-GP:} New Results on Temporally-Expressive Planning Benchmarks},
  booktitle = {{ICTAI} 2008},
%  pages     = {507--514},
%  year      = {2008},
 % url       = {http://dx.doi.org/10.1109/ICTAI.2008.90},
  doi       = {10.1109/ICTAI.2008.90},
  timestamp = {Thu, 18 Dec 2014 16:57:42 +0100},
  biburl    = {http://dblp.uni-trier.de/rec/bib/conf/ictai/MarisR08},
  bibsource = {dblp computer science bibliography, http://dblp.org}
}

@proceedings{DBLP:conf/aaai/2015,
  editor    = {Blai Bonet and
               Sven Koenig},
  title     = {Proc. 29th {AAAI} Conference on Artificial Intelligence,
               Austin, Texas, {USA}},
  publisher = {{AAAI} Press},
  year      = {2015},
  url       = {http://www.aaai.org/Library/AAAI/aaai15contents.php},
  isbn      = {978-1-57735-698-1},
  timestamp = {Sun, 12 Apr 2015 12:16:43 +0200},
  biburl    = {http://dblp2.uni-trier.de/rec/bib/conf/aaai/2015},
  bibsource = {dblp computer science bibliography, http://dblp.org}
}

@InProceedings{DBLP:conf/aaai/Rintanen15,
  author    = {Rintanen, J.},
  title     = {Discretization of Temporal Models with Application to Planning with
               {SMT}},
  booktitle = {{AAAI} 2015},
%  pages     = {3349--3355},
%  year      = {2015},
 % url       = {http://www.aaai.org/ocs/index.php/AAAI/AAAI15/paper/view/9428},
  timestamp = {Sun, 12 Apr 2015 15:18:08 +0200},
  biburl    = {http://dblp.uni-trier.de/rec/bib/conf/aaai/Rintanen15},
  bibsource = {dblp computer science bibliography, http://dblp.org}
}

@proceedings{DBLP:conf/lpar/2001,
  editor    = {Robert Nieuwenhuis and
               Andrei Voronkov},
  title     = {Logic for Programming, Artificial Intelligence, and Reasoning, 8th
               International Conference, {LPAR} 2001, Havana, Cuba, December 3-7,
               2001, Proceedings},
  series    = {Lecture Notes in Computer Science},
  volume    = {2250},
  publisher = {Springer},
  year      = {2001},
  url       = {https://doi.org/10.1007/3-540-45653-8},
  doi       = {10.1007/3-540-45653-8},
  isbn      = {3-540-42957-3},
  timestamp = {Fri, 26 May 2017 14:09:15 +0200},
  biburl    = {http://dblp.org/rec/bib/conf/lpar/2001},
  bibsource = {dblp computer science bibliography, http://dblp.org}
}

@InProceedings{DBLP:conf/lpar/Rintanen01,
  author    = {Rintanen, J.},
  title     = {Partial Implicit Unfolding in the Davis-Putnam Procedure for Quantified
               Boolean Formulae},
  booktitle = {{LPAR} 2001},
%  pages     = {362--376},
%  year      = {2001},
 % url       = {https://doi.org/10.1007/3-540-45653-8_25},
  doi       = {10.1007/3-540-45653-8_25},
  timestamp = {Fri, 26 May 2017 14:09:15 +0200},
  biburl    = {http://dblp.org/rec/bib/conf/lpar/Rintanen01},
  bibsource = {dblp computer science bibliography, http://dblp.org}
}

@article{DBLP:journals/ai/Bylander94,
  author    = {Bylander, T.},
  title     = {The Computational Complexity of Propositional {STRIPS} Planning},
  journal   = {Artificial Intelligence},
  volume    = {69},
  number    = {1-2},
  pages     = {165--204},
  year      = {1994},
%  url       = {http://dx.doi.org/10.1016/0004-3702(94)90081-7},
  doi       = {10.1016/0004-3702(94)90081-7},
  timestamp = {Thu, 30 Jun 2011 16:00:50 +0200},
  biburl    = {http://dblp.uni-trier.de/rec/bib/journals/ai/Bylander94},
  bibsource = {dblp computer science bibliography, http://dblp.org}
}

@article{DBLP:journals/corr/SlimaneCGHLMV15,
  author    = {Comte, A. and
               Gasquet, O. and
               Heba, A. and
               Lezaud, O. and
               Maris, F. and
               Skander Ben Slimane, K. and
               Valais, M.},
  title     = {Twist your logic with TouIST},
  journal   = {Dans TTL 2015, CoRR},
  volume    = {abs/1507.03663},
  year      = {2015},
  %url       = {http://arxiv.org/abs/1507.03663},
  archivePrefix = {arXiv},
  eprint    = {1507.03663},
  timestamp = {Wed, 07 Jun 2017 14:41:55 +0200},
  biburl    = {http://dblp.org/rec/bib/journals/corr/SlimaneCGHLMV15},
  bibsource = {dblp computer science bibliography, http://dblp.org}
}

@InProceedings{DBLP:conf/sat/JanotaKMC12,
  author    = {Janota, M. and
               Klieber, W. and
               Marques{-}Silva, J. and
               Clarke, E. M.},
  title     = {Solving {QBF} with Counterexample Guided Refinement},
  booktitle = {{SAT} 2012},
%  pages     = {114--128},
%  year      = {2012},
  %crossref  = {DBLP:conf/sat/2012},
  %url       = {https://doi.org/10.1007/978-3-642-31612-8_10},
  doi       = {10.1007/978-3-642-31612-8_10},
  timestamp = {Mon, 05 Jun 2017 12:41:04 +0200},
  biburl    = {http://dblp.org/rec/bib/conf/sat/JanotaKMC12},
  bibsource = {dblp computer science bibliography, http://dblp.org}
}

@proceedings{DBLP:conf/sat/2012,
  editor    = {Alessandro Cimatti and
               Roberto Sebastiani},
  title     = {Theory and Applications of Satisfiability Testing - {SAT} 2012 - 15th
               International Conference, Trento, Italy, June 17-20, 2012. Proceedings},
  series    = {Lecture Notes in Computer Science},
  volume    = {7317},
  publisher = {Springer},
  year      = {2012},
 % url       = {https://doi.org/10.1007/978-3-642-31612-8},
  doi       = {10.1007/978-3-642-31612-8},
  isbn      = {978-3-642-31611-1},
  timestamp = {Mon, 05 Jun 2017 12:41:04 +0200},
  biburl    = {http://dblp.org/rec/bib/conf/sat/2012},
  bibsource = {dblp computer science bibliography, http://dblp.org}
}

@InProceedings{DBLP:conf/cade/LonsingE17,
  author    = {Lonsing, F. and
               Egly, U.},
  title     = {DepQBF 6.0: {A} Search-Based {QBF} Solver Beyond Traditional {QCDCL}},
  booktitle = {{CADE} 26 - International Conference on
               Automated Deduction, {2017}},
 % pages     = {371--384},
  year      = {2017},
  %crossref  = {DBLP:conf/cade/2017},
  %url       = {https://doi.org/10.1007/978-3-319-63046-5_23},
  doi       = {10.1007/978-3-319-63046-5_23},
  timestamp = {Wed, 12 Jul 2017 10:22:36 +0200},
  biburl    = {http://dblp.org/rec/bib/conf/cade/LonsingE17},
  bibsource = {dblp computer science bibliography, http://dblp.org}
}

@proceedings{DBLP:conf/cade/2017,
  editor    = {Leonardo de Moura},
  title     = {Automated Deduction - {CADE} 26 - 26th International Conference on
               Automated Deduction, Gothenburg, Sweden, August 6-11, 2017, Proceedings},
  series    = {Lecture Notes in Computer Science},
  volume    = {10395},
  publisher = {Springer},
  year      = {2017},
  url       = {https://doi.org/10.1007/978-3-319-63046-5},
  doi       = {10.1007/978-3-319-63046-5},
  isbn      = {978-3-319-63045-8},
  timestamp = {Wed, 12 Jul 2017 10:06:41 +0200},
  biburl    = {http://dblp.org/rec/bib/conf/cade/2017},
  bibsource = {dblp computer science bibliography, http://dblp.org}
}

@Inbook{Peitl2017,
author="Peitl, Tom{\'a}{\v{s}}
and Slivovsky, Friedrich
and Szeider, Stefan",
editor="Gaspers, Serge
and Walsh, Toby",
title="Dependency Learning for QBF",
bookTitle="Theory and Applications of Satisfiability Testing -- SAT 2017: 20th International Conference, Melbourne, VIC, Australia, August 28 -- September 1, 2017, Proceedings",
year="2017",
publisher="Springer International Publishing",
address="Cham",
pages="298--313",
abstract="Quantified Boolean Formulas (QBFs) can be used to succinctly encode problems from domains such as formal verification, planning, and synthesis. One of the main approaches to QBF solving is Quantified Conflict Driven Clause Learning (QCDCL). By default, QCDCL assigns variables in the order of their appearance in the quantifier prefix so as to account for dependencies among variables. Dependency schemes can be used to relax this restriction and exploit independence among variables in certain cases, but only at the cost of nontrivial interferences with the proof system underlying QCDCL. We propose a new technique for exploiting variable independence within QCDCL that allows solvers to learn variable dependencies on the fly. The resulting version of QCDCL enjoys improved propagation and increased flexibility in choosing variables for branching while retaining ordinary (long-distance) Q-resolution as its underlying proof system. In experiments on standard benchmark sets, an implementation of this algorithm shows performance comparable to state-of-the-art QBF solvers.",
isbn="978-3-319-66263-3",
doi="10.1007/978-3-319-66263-3_19",
url="https://doi.org/10.1007/978-3-319-66263-3_19"
}

@article{DBLP:journals/jacm/ClarkeGJLV03,
  author    = {Clarke, E. M. and
               Grumberg, O. and
               Jha, S. and
               Lu, Y. and
               Veith, H.},
  title     = {Counterexample-guided abstraction refinement for symbolic model checking},
  journal   = {J. {ACM}},
  volume    = {50},
  number    = {5},
  pages     = {752--794},
  year      = {2003},
  %url       = {http://doi.acm.org/10.1145/876638.876643},
  doi       = {10.1145/876638.876643},
  timestamp = {Thu, 09 Feb 2006 13:34:10 +0100},
  biburl    = {http://dblp.org/rec/bib/journals/jacm/ClarkeGJLV03},
  bibsource = {dblp computer science bibliography, http://dblp.org}
}

@article{Tange2011a,
  title = {GNU Parallel - The Command-Line Power Tool},
  author = {Tange, O.},
  address = {Frederiksberg, Denmark},
  journal = {;login: The USENIX Magazine},
  month = {Feb},
  number = {1},
  volume = {36},
  url = {http://www.gnu.org/s/parallel},
  year = {2011},
  pages = {42-47},
  doi = {http://dx.doi.org/10.5281/zenodo.16303}
}

@article{DBLP:journals/ai/TorralbaAKE17,
  author    = {{\'{A}}lvaro Torralba and
               Vidal Alc{\'{a}}zar and
               Peter Kissmann and
               Stefan Edelkamp},
  title     = {Efficient symbolic search for cost-optimal planning},
  journal   = {Artif. Intell.},
  volume    = {242},
  pages     = {52--79},
  year      = {2017},
  url       = {https://doi.org/10.1016/j.artint.2016.10.001},
  doi       = {10.1016/j.artint.2016.10.001},
  timestamp = {Thu, 28 Dec 2017 16:12:02 +0100},
  biburl    = {http://dblp.org/rec/bib/journals/ai/TorralbaAKE17},
  bibsource = {dblp computer science bibliography, http://dblp.org}
}

@article{DBLP:journals/jair/CenamorRF16,
  author    = {Isabel Cenamor and
               Tom{\'{a}}s de la Rosa and
               Fernando Fern{\'{a}}ndez},
  title     = {The IBaCoP Planning System: Instance-Based Configured Portfolios},
  journal   = {J. Artif. Intell. Res.},
  volume    = {56},
  pages     = {657--691},
  year      = {2016},
  url       = {https://doi.org/10.1613/jair.5080},
  doi       = {10.1613/jair.5080},
  timestamp = {Wed, 21 Jun 2017 14:58:49 +0200},
  biburl    = {http://dblp.org/rec/bib/journals/jair/CenamorRF16},
  bibsource = {dblp computer science bibliography, http://dblp.org}
}

@InProceedings{DBLP:conf/aaai/CadoliGS98,
  author    = {Marco Cadoli and
               Andrea Giovanardi and
               Marco Schaerf},
  title     = {An Algorithm to Evaluate Quantified Boolean Formulae},
  booktitle = {Proceedings of the Fifteenth National Conference on Artificial Intelligence
               and Tenth Innovative Applications of Artificial Intelligence Conference,
               {AAAI} 98, {IAAI} 98, July 26-30, 1998, Madison, Wisconsin, {USA.}},
  pages     = {262--267},
  year      = {1998},
  crossref  = {DBLP:conf/aaai/1998},
  url       = {http://www.aaai.org/Library/AAAI/1998/aaai98-036.php},
  timestamp = {Tue, 11 Dec 2012 12:57:21 +0100},
  biburl    = {http://dblp.org/rec/bib/conf/aaai/CadoliGS98},
  bibsource = {dblp computer science bibliography, http://dblp.org}
}

@proceedings{DBLP:conf/aaai/1998,
  editor    = {Jack Mostow and
               Chuck Rich},
  title     = {Proceedings of the Fifteenth National Conference on Artificial Intelligence
               and Tenth Innovative Applications of Artificial Intelligence Conference,
               {AAAI} 98, {IAAI} 98, July 26-30, 1998, Madison, Wisconsin, {USA}},
  publisher = {{AAAI} Press / The {MIT} Press},
  year      = {1998},
  url       = {http://www.aaai.org/Conferences/AAAI/aaai98.php},
  isbn      = {0-262-51098-7},
  timestamp = {Thu, 01 Dec 2011 17:16:20 +0100},
  biburl    = {http://dblp.org/rec/bib/conf/aaai/1998},
  bibsource = {dblp computer science bibliography, http://dblp.org}
}

@phdthesis{DBLP:phd/ethos/Cashmore13,
  author    = {Cashmore, M},
  title     = {Planning as quantified Boolean formulae},
  school    = {University of Strathclyde, Glasgow, {UK}},
  year      = {2013},
  url       = {http://oleg.lib.strath.ac.uk:80/R/?func=dbin-jump-full&object_id=22387},
  timestamp = {Tue, 16 Aug 2016 21:02:11 +0200},
  biburl    = {http://dblp.org/rec/bib/phd/ethos/Cashmore13},
  bibsource = {dblp computer science bibliography, http://dblp.org}
}

@article{DBLP:journals/ai/JanotaKMC16,
  author    = {Janota, M. and
               Klieber, W. and
               Marques{-}Silva, J. and
               M. Clarke, E. M.},
  title     = {Solving {QBF} with counterexample guided refinement},
  journal   = {Artificial Intelligence},
  volume    = {234},
  pages     = {1--25},
  year      = {2016},
 % url       = {https://doi.org/10.1016/j.artint.2016.01.004},
  doi       = {10.1016/j.artint.2016.01.004},
  timestamp = {Mon, 05 Jun 2017 12:38:26 +0200},
  biburl    = {http://dblp.org/rec/bib/journals/ai/JanotaKMC16},
  bibsource = {dblp computer science bibliography, http://dblp.org}
}

@InProceedings{DBLP:conf/ijcai/JanotaM15,
  author    = {Janota, M. and
               Marques{-}Silva, J.},
  title     = {Solving {QBF} by Clause Selection},
  booktitle = {{IJCAI} 2015},
%  pages     = {325--331},
%  year      = {2015},
 % crossref  = {DBLP:conf/ijcai/2015},
 % url       = {http://ijcai.org/Abstract/15/052},
  timestamp = {Wed, 20 Jul 2016 15:18:06 +0200},
  biburl    = {http://dblp.org/rec/bib/conf/ijcai/JanotaM15},
  bibsource = {dblp computer science bibliography, http://dblp.org}
}

@proceedings{DBLP:conf/ijcai/2015,
  editor    = {Qiang Yang and
               Michael Wooldridge},
  title     = {Proceedings of the Twenty-Fourth International Joint Conference on
               Artificial Intelligence, {IJCAI} 2015, Buenos Aires, Argentina, July
               25-31, 2015},
  publisher = {{AAAI} Press},
  year      = {2015},
  url       = {http://ijcai.org/proceedings/2015},
  isbn      = {978-1-57735-738-4},
  timestamp = {Wed, 20 Jul 2016 15:18:06 +0200},
  biburl    = {http://dblp.org/rec/bib/conf/ijcai/2015},
  bibsource = {dblp computer science bibliography, http://dblp.org}
}

@InProceedings{DBLP:conf/fmcad/RabeT15,
  author    = {Rabe, M. N. and
               Tentrup, L},
  title     = {{CAQE:} {A} Certifying {QBF} Solver},
  booktitle = {{FMCAD} 2015},
 % pages     = {136--143},
 % year      = {2015},
%  crossref  = {DBLP:conf/fmcad/2015},
  timestamp = {Thu, 07 Jan 2016 15:57:52 +0100},
  biburl    = {http://dblp.org/rec/bib/conf/fmcad/RabeT15},
  bibsource = {dblp computer science bibliography, http://dblp.org}
}

@proceedings{DBLP:conf/fmcad/2015,
  editor    = {Roope Kaivola and
               Thomas Wahl},
  title     = {Formal Methods in Computer-Aided Design, {FMCAD} 2015, Austin, Texas,
               USA, September 27-30, 2015},
  publisher = {{IEEE}},
  year      = {2015},
  isbn      = {978-0-9835678-5-1},
  timestamp = {Thu, 07 Jan 2016 15:56:54 +0100},
  biburl    = {http://dblp.org/rec/bib/conf/fmcad/2015},
  bibsource = {dblp computer science bibliography, http://dblp.org}
}


@InProceedings{touist-ttl2015,
  author    = {Ben Slimane, Skander and Comte, Alexis and Gasquet, Olivier and  Heba, Abdelwahab and Lezaud, Olivier and Maris, Fr\'{e}d\'{e}ric and Valais, Ma\"{e}l},
  title     = {{Twist your Logic with TouIST}},
  booktitle = {{Proceedings of 4$^{th}$ International Conference on Tools for Teaching Logic (TTL’2015), June 9-12, 2015, Rennes, France}},
  year      = {2015}
}

@InProceedings{touist-iaf2015,
  author    = {Ben Slimane, Skander and Comte, Alexis and Gasquet, Olivier and  Heba, Abdelwahab and Lezaud, Olivier and Maris, Fr\'{e}d\'{e}ric and Valais, Ma\"{e}l},
  title     = {{La logique facile avec TouIST (formalisez et r\'{e}solvez facilement des probl\`{e}mes r\'{e}el)}},
  booktitle = {{Actes des 9$^{es}$ Journ\'ees d’Intelligence Artificielle Fondamentale (IAF'2015), 29 Juin-1$^{er}$ Juillet, 2015, Rennes, France}},
  year      = {2015}
}


@InProceedings{kautzS92_planning_sat,
  author    = {Henry A. Kautz and
               Bart Selman},
  title     = {Planning as Satisfiability},
  booktitle = {{ECAI}},
  pages     = {359--363},
  year      = {1992},
  biburl    = {http://dblp.uni-trier.de/rec/bib/conf/ecai/KautzS92},
  bibsource = {dblp computer science bibliography, http://dblp.org}
}

@InProceedings{MaliK99_plan_space_encodings,
  author    = {Amol Dattatraya Mali and
               Subbarao Kambhampati},
  title     = {On the utility of Plan-space (Causal) Encodings},
  booktitle = {Proceedings of the Sixteenth National Conference on Artificial Intelligence
               and Eleventh Conference on Innovative Applications of Artificial Intelligence,
               July 18-22, 1999, Orlando, Florida, {USA.}},
  pages     = {557--563},
  year      = {1999},
  crossref  = {DBLP:conf/aaai/1999},
  url       = {http://www.aaai.org/Library/AAAI/1999/aaai99-079.php},
  timestamp = {Tue, 11 Dec 2012 12:57:22 +0100},
  biburl    = {http://dblp.uni-trier.de/rec/bib/conf/aaai/MaliK99},
  bibsource = {dblp computer science bibliography, http://dblp.org}
}

@proceedings{DBLP:conf/aaai/1999,
  editor    = {Jim Hendler and
               Devika Subramanian},
  title     = {Proceedings of the Sixteenth National Conference on Artificial Intelligence
               and Eleventh Conference on Innovative Applications of Artificial Intelligence,
               July 18-22, 1999, Orlando, Florida, {USA}},
  publisher = {{AAAI} Press / The {MIT} Press},
  year      = {1999},
  url       = {http://www.aaai.org/Conferences/AAAI/aaai99.php},
  isbn      = {0-262-51106-1},
  timestamp = {Thu, 01 Dec 2011 17:16:21 +0100},
  biburl    = {http://dblp.uni-trier.de/rec/bib/conf/aaai/1999},
  bibsource = {dblp computer science bibliography, http://dblp.org}
}


@article{Rintanen:2006,
  author    = {Jussi Rintanen and
               Keijo Heljanko and
               Ilkka Niemel{\"{a}}},
  title     = {Planning as satisfiability: parallel plans and algorithms for plan
               search},
  journal   = {Artif. Intell.},
  volume    = {170},
  number    = {12-13},
  pages     = {1031--1080},
  year      = {2006},
  url       = {http://dx.doi.org/10.1016/j.artint.2006.08.002},
  doi       = {10.1016/j.artint.2006.08.002},
  timestamp = {Fri, 17 Nov 2006 15:50:34 +0100},
  biburl    = {http://dblp.uni-trier.de/rec/bib/journals/ai/RintanenHN06},
  bibsource = {dblp computer science bibliography, http://dblp.org}
}

@InProceedings{MarisRegnier08,
  author    = {Frederic Maris and
               Pierre R{\'{e}}gnier},
  title     = {{TLP-GP:} New Results on Temporally-Expressive Planning Benchmarks},
  booktitle = {20th {IEEE} International Conference on Tools with Artificial Intelligence
               {(ICTAI} 2008), November 3-5, 2008, Dayton, Ohio, USA, Volume 1},
  pages     = {507--514},
  year      = {2008},
  crossref  = {DBLP:conf/ictai/2008-1},
  url       = {http://dx.doi.org/10.1109/ICTAI.2008.90},
  doi       = {10.1109/ICTAI.2008.90},
  timestamp = {Thu, 18 Dec 2014 16:57:42 +0100},
  biburl    = {http://dblp.uni-trier.de/rec/bib/conf/ictai/MarisR08},
  bibsource = {dblp computer science bibliography, http://dblp.org}
}

@proceedings{DBLP:conf/ictai/2008-1,
  title     = {20th {IEEE} International Conference on Tools with Artificial Intelligence
               {(ICTAI} 2008), November 3-5, 2008, Dayton, Ohio, USA, Volume 1},
  publisher = {{IEEE} Computer Society},
  year      = {2008},
  url       = {http://ieeexplore.ieee.org/xpl/tocresult.jsp?isnumber=4669656},
  isbn      = {978-0-7695-3440-4},
  timestamp = {Thu, 18 Dec 2014 16:57:42 +0100},
  biburl    = {http://dblp.uni-trier.de/rec/bib/conf/ictai/2008-1},
  bibsource = {dblp computer science bibliography, http://dblp.org}
}

@article{DBLP:journals/corr/SlimaneCGHLMV15,
  author    = {Khaled Skander Ben Slimane and
               Alexis Comte and
               Olivier Gasquet and
               Abdelwahab Heba and
               Olivier Lezaud and
               Frederic Maris and
               Mael Valais},
  title     = {Twist your logic with TouIST},
  journal   = {CoRR},
  volume    = {abs/1507.03663},
  year      = {2015},
  url       = {http://arxiv.org/abs/1507.03663},
  timestamp = {Wed, 07 Jun 2017 14:41:55 +0200},
  biburl    = {http://dblp.uni-trier.de/rec/bib/journals/corr/SlimaneCGHLMV15},
  bibsource = {dblp computer science bibliography, http://dblp.org}
}

@InProceedings{GaScSt2011,
  author =       {Gasquet, Olivier and Schwarzentruber, Fran{\c{c}}ois and Strecker, Martin},
  title =        {Satoulouse: The Computational Power of Propositional Logic Shown to Beginners},
  booktitle =    {Tools for Teaching Logic: Third International Congress, TICTTL 2011, Salamanca, Spain, June 1-4, 2011. Proceedings},
  publisher =    {Springer},
  year =         {2011},
  editor =       {Blackburn, Patrick and van Ditmarsch, Hans and Manzano, Mar{\'i}a and Soler-Toscano, Fernando},
  pages =        {77--84},
  address = {Berlin, Heidelberg},
  isbn    = {978-3-642-21350-2},
  doi= {10.1007/978-3-642-21350-2_10},
  url= {http://dx.doi.org/10.1007/978-3-642-21350-2_10}
}


@InProceedings{Stockmeyer:1973:WPR:800125.804029,
 author = {Stockmeyer, L. J. and Meyer, A. R.},
 title = {Word Problems Requiring Exponential Time(Preliminary Report)},
 booktitle = {Proceedings of the Fifth Annual ACM Symposium on Theory of Computing},
 series = {STOC '73},
 year = {1973},
 location = {Austin, Texas, USA},
 pages = {1--9},
 numpages = {9},
 url = {http://doi.acm.org/10.1145/800125.804029},
 doi = {10.1145/800125.804029},
 acmid = {804029},
 publisher = {ACM},
 address = {New York, NY, USA},
}

@book{DBLP:series/txtcs/KroeningS16,
  author    = {Daniel Kroening and
               Ofer Strichman},
  title     = {Decision Procedures - An Algorithmic Point of View, Second Edition},
  series    = {Texts in Theoretical Computer Science. An {EATCS} Series},
  publisher = {Springer},
  year      = {2016},
  url       = {https://doi.org/10.1007/978-3-662-50497-0},
  doi       = {10.1007/978-3-662-50497-0},
  isbn      = {978-3-662-50496-3},
  timestamp = {Tue, 16 May 2017 14:24:38 +0200},
  biburl    = {http://dblp.uni-trier.de/rec/bib/series/txtcs/KroeningS16},
  bibsource = {dblp computer science bibliography, http://dblp.org}
}

@InProceedings{Biere:2004:RE:2103144.2103150,
 author = {Biere, Armin},
 title = {Resolve and Expand},
 booktitle = {Proceedings of the 7th International Conference on Theory and Applications of Satisfiability Testing},
 series = {SAT'04},
 year = {2005},
 isbn = {3-540-27829-X, 978-3-540-27829-0},
 location = {Vancouver, BC, Canada},
 pages = {59--70},
 numpages = {12},
 url = {http://dx.doi.org/10.1007/11527695_5},
 doi = {10.1007/11527695_5},
 acmid = {2103150},
 publisher = {Springer-Verlag},
 address = {Berlin, Heidelberg},
}


@InProceedings{Gasquet_et_al_IAF_2017,
author = {Gasquet, Olivier and Herzig, Andreas and Longin, Dominique and Maris, Frédéric and Valais, Maël},
title = "{TouIST again... (Formalisez et résolvez facilement des problèmes avec des solveurs SAT, SMT et QBF)}",
booktitle =    {Actes des 10es Journées d'Intelligence Artificielle Fondamentale (IAF~2017)},
year = {2017},
URL = {https://www.irit.fr/publis/LILAC/Conf_sans_actes/2017_Gasquet_et_al_IAF.pdf},
abstract = {Depuis 2010, nous développons TouIST (qui est, historiquement, le successeur de SatToulouse, présenté pour la première fois lors de la conférence ICTTL'2011), un logiciel dédié à la logique propositionnelle dont les principales fonctionnalités sont (1) d'offrir un langage logique de haut niveau pour exprimer succinctement des formules complexes et (2) de trouver des modèles à ces formules en utilisant un solveur SAT performant. Dans ce qui suit, nous présentons une extension de TouIST à QBF (Quantified Boolean Formulas) au travers d'un exemple : le jeu de Nim. Tout d'abord, nous survolons succinctement les principales caractéristiques de TouIST et montrons comment modéliser le jeu de Nim dans le langage d'entrée de TouIST. Enfin, après une brève présentation de QBF nous montrons comment modéliser la recherche d'une stratégie gagnante dans TouIST pour ce jeu.},
language = {francais}
}

@Unpublished{ Ga2017.3,
author = {Gasquet, Olivier and Herzig, Andreas and Longin, Dominique and Maris, Frédéric and Valais, Maël},
title = "{La logique facile avec TouIST (poster) (Démonstrations des Journées Francophones sur la Planification, la Décision et l'Apprentissage pour la conduite de systèmes, Caen, 06/07/2017-07/07/2017)}",
year = {2017},
language = {francais},
URL = {https://www.irit.fr/publis/LILAC/Conf_sans_actes/2017_Gasquet_et_al_JFPDA-demonstrations.pdf}
}

@InProceedings{Ben_Slimane_IAF_2015,
  author =       {{Khaled Skander} {Ben Slimane} and Alexis Comte and Olivier Gasquet and Abdelwahab Heba and Olivier Lezaud and Frédéric Maris and Maël Valais},
  title =        {La logique facile avec TouIST (formalisez et résolvez facilement des problèmes du monde réel)},
  booktitle =    {Actes des 9es Journées d'Intelligence Artificielle Fondamentale (IAF~2015)},
  year =         {2015},
  url =          {http://pfia2015.inria.fr/actes/download.php?conf=IAF&file=Ben_Slimane_IAF_2015.pdf},
  abstract = {Les solveurs SAT sont des outils puissants pour résoudre des problèmes logiques de taille réelle, mais leur utilisation nécessite des connaissances solides. Elle peut être vue par rapport à la logique comme l’utilisation d’un langage d’assemblage par rapport à la programmation. Il manque un langage de haut niveau pour permettre à des utilisateurs divers de tirer facilement profit de ces outils. TouIST vise à combler cette lacune. Il est dédié à la logique propositionnelle et ses principales fonctions sont (1) d’offrir un langage logique de haut niveau pour exprimer succictement des formules complexes (par exemple des formules décrivant les règles du Sudoku, des problèmes de planification...) et (2) de trouver des modèles à ces formules en utilisant un solveur adéquat et performant, que l’utilisateur n’a pas besoin de connaître. Il consiste en une interface conviviale qui propose plusieurs facilités syntaxiques et qui fait appel à des solveurs suffisamment puissants pour permettre de résoudre automatiquement de grandes instances de problèmes difficiles (emplois du temps, Sudokus...). Il peut interagir avec différents démonstrateurs : solveurs SAT pur mais également solveurs SMT (SAT modulo théories - comme la théorie linéaire sur les réels, etc). Il peut donc être utilisé aussi bien par des débutants pour des problèmes purement propositionnels, que par des étudiants de cycles supérieurs ou même des chercheurs et ingénieurs, par exemple pour résoudre des problèmes de planification impliquant de grands ensembles d’actions et des contraintes numériques.},
  language =     {francais}
}

@InProceedings{ttl2015touist,
  author    = {{Khaled Skander} {Ben Slimane} and
               Alexis Comte and
               Olivier Gasquet and
               Abdelwahab Heba and
               Olivier Lezaud and
               Frederic Maris and
               Mael Valais},
  title     = {Twist your logic with TouIST},
  booktitle = {Fourth International Conference on Tools for Teaching Logic, {TTL}
               2015, Rennes, France, June 9-12, 2015. Proceedings},
  pages     = {01--08},
  year      = {2015},
  crossref  = {ttl2015proceedings},
  editor    = {Antonia Huertas and João Marcos and
               María Manzano and
               Sophie Pinchinat and
               François Schwarzentruber},
  organization    = {Institut de Recherche en Informatique et Systèmes Aléatoires (IRISA)},
  publisher = {Université de Rennes 1},
  url       = {http://arxiv.org/abs/1507.03663},
  abstract = {SAT provers are powerful tools for solving real-sized logic problems, but using them requires solid programming knowledge and may be seen w.r.t. logic like assembly language w.r.t. programming. Something like a high level language was missing to ease various users to take benefit of these tools. TouIST aims at filling this gap. It is devoted to propositional logic and its main features are 1) to offer a high-level logic langage for expressing succintly complex formulas (e.g. formulas describing Sudoku rules, planification problems, ...) and 2) to find models to these formulas by using the adequate powerful prover, which the user has no need to know about. It consists in a friendly interface that offers several syntactic facilities and which is connected with some sufficiently powerful provers allowing to automatically solve big instances of difficult problems (such as time-tables or Sudokus). It can interact with various provers: pure SAT solver but also SMT provers (SAT modulo theories - like linear theory of reals, etc) and thus may also be used by beginners for experiencing with pure propositional problems up to graduate students or even researchers for solving planification problems involving big sets of fluents and numerical constraints on them.}
}

@InProceedings{Biere2004,
 author = {Biere, Armin},
 title = {Resolve and Expand},
 booktitle = {Proceedings of the 7th International Conference on Theory and Applications of Satisfiability Testing},
 series = {SAT'04},
 year = {2005},
 isbn = {3-540-27829-X, 978-3-540-27829-0},
 location = {Vancouver, BC, Canada},
 pages = {59--70},
 numpages = {12},
 url = {http://dx.doi.org/10.1007/11527695_5},
 doi = {10.1007/11527695_5},
 acmid = {2103150},
 publisher = {Springer-Verlag},
 address = {Berlin, Heidelberg},
}

@InProceedings{Dutertre:cav2014,
  author = 	 {Dutertre, Bruno},
  title = 	 {Yices 2.2},
  booktitle = {Computer-Aided Verification (CAV'2014)},
  editor =       {Biere, Armin and Bloem, Roderick},
  year = 	 2014,
  volume =       8559,
  series =       {Lecture Notes in Computer Science},
  pages =        {737--744},
  month = 	 {July},
  publisher =    {Springer}
}

@InProceedings{Sorensson02minisatv1_13,
    author = {Niklas Sörensson and Niklas Een},
    title = {MiniSat v1.13 - A SAT solver with conflict-clause minimization (SAT-2005)},
    institution = {},
    year = {2002}
}

@inproceedings{DBLP:conf/stoc/Cook71,
  author    = {Stephen A. Cook},
  title     = {The Complexity of Theorem-Proving Procedures},
  booktitle = {Proceedings of the 3rd Annual {ACM} Symposium on Theory of Computing,
               May 3-5, 1971, Shaker Heights, Ohio, {USA}},
  pages     = {151--158},
  year      = {1971},
  crossref  = {DBLP:conf/stoc/STOC3},
  url       = {http://doi.acm.org/10.1145/800157.805047},
  doi       = {10.1145/800157.805047},
  timestamp = {Mon, 17 Oct 2011 17:25:06 +0200},
  biburl    = {https://dblp.org/rec/bib/conf/stoc/Cook71},
  bibsource = {dblp computer science bibliography, https://dblp.org}
}

@proceedings{DBLP:conf/stoc/STOC3,
  editor    = {Michael A. Harrison and
               Ranan B. Banerji and
               Jeffrey D. Ullman},
  title     = {Proceedings of the 3rd Annual {ACM} Symposium on Theory of Computing,
               May 3-5, 1971, Shaker Heights, Ohio, {USA}},
  publisher = {{ACM}},
  year      = {1971},
  timestamp = {Mon, 17 Oct 2011 15:55:10 +0200},
  biburl    = {https://dblp.org/rec/bib/conf/stoc/STOC3},
  bibsource = {dblp computer science bibliography, https://dblp.org}
}

@article{DBLP:journals/jacm/NieuwenhuisOT06,
  author    = {Robert Nieuwenhuis and
               Albert Oliveras and
               Cesare Tinelli},
  title     = {Solving {SAT} and {SAT} Modulo Theories: From an abstract Davis--Putnam--Logemann--Loveland
               procedure to DPLL(\emph{T})},
  journal   = {J. {ACM}},
  volume    = {53},
  number    = {6},
  pages     = {937--977},
  year      = {2006},
  url       = {http://doi.acm.org/10.1145/1217856.1217859},
  doi       = {10.1145/1217856.1217859},
  timestamp = {Wed, 14 Jun 2017 20:31:33 +0200},
  biburl    = {https://dblp.org/rec/bib/journals/jacm/NieuwenhuisOT06},
  bibsource = {dblp computer science bibliography, https://dblp.org}
}

@InProceedings{BarST-SMT-10,
  author =	 {Clark Barrett and Aaron Stump and Cesare Tinelli},
  title =	 {{The SMT-LIB Standard: Version 2.0}},
  year =	 2010,
  booktitle =	 {Proceedings of the 8th International Workshop on
                  Satisfiability Modulo Theories (Edinburgh, UK)},
  editor =	 {A.~Gupta and D.~Kroening},
}

@MISC{BarFT-SMTLIB,
  author =	 {Clark Barrett and Pascal Fontaine and Cesare Tinelli},
  title =	 {{The Satisfiability Modulo Theories Library (SMT-LIB)}},
  howpublished = {{\tt www.SMT-LIB.org}},
  year =	 2016,
}

@article{GasquetLMRV18,
	author = {Olivier Gasquet and Dominique Longin and Fr\'ed\'eric Maris and Pierre R\'egnier and Ma\"el Valais},
	title = { Compact Tree Encodings for Planning as QBF},
	journal = {Inteligencia Artificial},
	volume = {21},
	number = {62},
	year = {2018},
	issn = {1988-3064},	pages = {103--113},	doi = {10.4114/intartif.vol21iss62pp103-113},
	url = {http://journal.iberamia.org/index.php/intartif/article/view/214}
}
